@article{23034086,
  title = {{methylKit: a comprehensive R package for the analysis of genome-wide DNA methylation profiles.}},
  date = {2012 Oct 3},
  source = {Genome Biol},
  authors = {Akalin, A and Kormaksson, M and Li, S and Garrett-Bakelman, FE and Figueroa, ME and Melnick, A and Mason, CE},
  author = {Akalin, A and Kormaksson, M and Li, S and Garrett-Bakelman, FE and Figueroa, ME and Melnick, A and Mason, CE},
  year = {2012},
  month = {Oct},
  journal = {Genome Biol},
  volume = {13},
  number = {},
  pages = {R87},
  pubmed_id = {23034086},
}
